<?xml version="1.0" encoding="UTF-8"?><collection xmlns="http://www.loc.gov/MARC21/slim"><record><leader>00319nam--2200121-i-4500</leader><controlfield tag="001">000034049</controlfield><controlfield tag="002">20161230</controlfield><controlfield tag="005">20161230201039</controlfield><controlfield tag="008">060222s1000------------r-----000-0-eng-d</controlfield><datafield ind1=" " ind2=" " tag="100"><subfield code="a">Muller, Wolfgang</subfield></datafield><datafield ind1=" " ind2=" " tag="245"><subfield code="a">Ameisensaure-zerfall and heterogenen mischkontakten</subfield></datafield><datafield ind1=" " ind2=" " tag="260"><subfield code="a">Munchen, Universitat, 1951, 41p</subfield></datafield><datafield ind1=" " ind2=" " tag="852"><subfield code="a">6128</subfield></datafield></record></collection>